@article{Polyakov:2019clc,
    author = "Polyakov, Dimitri",
    title = "{Entanglement Entropy from String Field Theory (and a Higher-Spin Example)}",
    eprint = "1905.06708",
    archivePrefix = "arXiv",
    primaryClass = "hep-th",
    reportNumber = "CTP-SCU/2019005",
    month = "5",
    year = "2019"
}

@article{Kiermaier:2010cf,
    author = "Kiermaier, Michael and Okawa, Yuji and Soler, Pablo",
    title = "{Solutions from boundary condition changing operators in open string field theory}",
    eprint = "1009.6185",
    archivePrefix = "arXiv",
    primaryClass = "hep-th",
    reportNumber = "PUPT-2350, UT-KOMABA-10-6, IFT-UAM-CSIC-10-51",
    doi = "10.1007/JHEP03(2011)122",
    journal = "JHEP",
    volume = "03",
    pages = "122",
    year = "2011"
}

@article{Jafferis:2020ora,
    author = "Jafferis, Daniel Louis and Lamprou, Lampros",
    title = "{Inside the Hologram: Reconstructing the bulk observer's experience}",
    eprint = "2009.04476",
    archivePrefix = "arXiv",
    primaryClass = "hep-th",
    month = "9",
    year = "2020"
}

@article{Gibbons:2009hi,
    author = "Gibbons, Gary W. and Hashimoto, Koji and Hirano, Shinji",
    title = "{Gravitational Dual of Tachyon Condensation}",
    eprint = "0906.0401",
    archivePrefix = "arXiv",
    primaryClass = "hep-th",
    reportNumber = "RIKEN-TH-156, DAMTP-2009-44",
    doi = "10.1088/1126-6708/2009/09/100",
    journal = "JHEP",
    volume = "09",
    pages = "100",
    year = "2009"
}

@inproceedings{Jacobson:2003vx,
    author = "Jacobson, Ted",
    title = "{Introduction to quantum fields in curved space-time and the Hawking effect}",
    booktitle = "{School on Quantum Gravity}",
    eprint = "gr-qc/0308048",
    archivePrefix = "arXiv",
    doi = "10.1007/0-387-24992-3_2",
    month = "8",
    year = "2003"
}

@article{Townsend:1997ku,
    author = "Townsend, P. K.",
    title = "{Black holes: Lecture notes}",
    eprint = "gr-qc/9707012",
    archivePrefix = "arXiv",
    month = "7",
    year = "1997"
}

@article{Cardy:2004hm,
    author = "Cardy, John L.",
    title = "{Boundary conformal field theory}",
    eprint = "hep-th/0411189",
    archivePrefix = "arXiv",
    month = "11",
    year = "2004"
}

@article{Hata:2021lqz,
    author = "Hata, Hiroyuki and Takeda, Daichi",
    title = "{Interior Product, Lie Derivative and Wilson Line in the $KBc$ Subsector of Open String Field Theory}",
    eprint = "2103.10597",
    archivePrefix = "arXiv",
    primaryClass = "hep-th",
    reportNumber = "KUNS-2861",
    month = "3",
    year = "2021"
}
@article{Murata:2011ex,
    author = "Murata, Masaki and Schnabl, Martin",
    editor = "Kishimoto, Isao and Kunitomo, Hiroshi and Takahashi, Tomohiko",
    title = "{On Multibrane Solutions in Open String Field Theory}",
    eprint = "1103.1382",
    archivePrefix = "arXiv",
    primaryClass = "hep-th",
    reportNumber = "YITP-11-29",
    doi = "10.1143/PTPS.188.50",
    journal = "Prog. Theor. Phys. Suppl.",
    volume = "188",
    pages = "50--55",
    year = "2011"
}
@article{Engelhardt:2016wgb,
    author = "Engelhardt, Netta and Horowitz, Gary T.",
    title = "{Towards a Reconstruction of General Bulk Metrics}",
    eprint = "1605.01070",
    archivePrefix = "arXiv",
    primaryClass = "hep-th",
    doi = "10.1088/1361-6382/34/1/015004",
    journal = "Class. Quant. Grav.",
    volume = "34",
    number = "1",
    pages = "015004",
    year = "2017"
}

@article{Hernandez-Cuenca:2020ppu,
    author = "Hern\'andez-Cuenca, Sergio and Horowitz, Gary T.",
    title = "{Bulk reconstruction of metrics with a compact space asymptotically}",
    eprint = "2003.08409",
    archivePrefix = "arXiv",
    primaryClass = "hep-th",
    doi = "10.1007/JHEP08(2020)108",
    journal = "JHEP",
    volume = "08",
    pages = "108",
    year = "2020"
}

@article{Maldacena:2015iua,
    author = "Maldacena, Juan and Simmons-Duffin, David and Zhiboedov, Alexander",
    title = "{Looking for a bulk point}",
    eprint = "1509.03612",
    archivePrefix = "arXiv",
    primaryClass = "hep-th",
    doi = "10.1007/JHEP01(2017)013",
    journal = "JHEP",
    volume = "01",
    pages = "013",
    year = "2017"
}

@inproceedings{Polchinski:2010hw,
    author = "Polchinski, Joseph",
    title = "{Introduction to Gauge/Gravity Duality}",
    booktitle = "{Theoretical Advanced Study Institute in Elementary Particle Physics}: {String theory and its Applications: From meV to the Planck Scale}",
    eprint = "1010.6134",
    archivePrefix = "arXiv",
    primaryClass = "hep-th",
    doi = "10.1142/9789814350525_0001",
    month = "10",
    year = "2010"
}

@article{Harlow:2018fse,
    author = "Harlow, Daniel",
    title = "{TASI Lectures on the Emergence of Bulk Physics in AdS/CFT}",
    eprint = "1802.01040",
    archivePrefix = "arXiv",
    primaryClass = "hep-th",
    doi = "10.22323/1.305.0002",
    journal = "PoS",
    volume = "TASI2017",
    pages = "002",
    year = "2018"
}

@article{Okawa:2012ica,
    author = "Okawa, Yuji",
    title = "{Analytic methods in open string field theory}",
    doi = "10.1143/PTP.128.1001",
    journal = "Prog. Theor. Phys.",
    volume = "128",
    pages = "1001--1060",
    year = "2012"
}

@article{Fuchs:2008cc,
    author = "Fuchs, Ehud and Kroyter, Michael",
    title = "{Analytical Solutions of Open String Field Theory}",
    eprint = "0807.4722",
    archivePrefix = "arXiv",
    primaryClass = "hep-th",
    reportNumber = "AEI-2008-056",
    doi = "10.1016/j.physrep.2011.01.003",
    journal = "Phys. Rept.",
    volume = "502",
    pages = "89--149",
    year = "2011"
}

@article{Erler:2019vhl,
    author = "Erler, Theodore",
    title = "{Four Lectures on Analytic Solutions in Open String Field Theory}",
    eprint = "1912.00521",
    archivePrefix = "arXiv",
    primaryClass = "hep-th",
    month = "12",
    year = "2019"
}

@article{Polchinski:1996fm,
    author = "Polchinski, Joseph and Chaudhuri, Shyamoli and Johnson, Clifford V.",
    title = "{Notes on D-branes}",
    eprint = "hep-th/9602052",
    archivePrefix = "arXiv",
    reportNumber = "NSF-ITP-96-003",
    month = "1",
    year = "1996"
}

@article{AlvarezGaume:1996mv,
    author = "Alvarez-Gaume, Luis and Hassan, S. F.",
    title = "{Introduction to S duality in N=2 supersymmetric gauge theories: A Pedagogical review of the work of Seiberg and Witten}",
    eprint = "hep-th/9701069",
    archivePrefix = "arXiv",
    reportNumber = "CERN-TH-96-371",
    doi = "10.1002/prop.2190450302",
    journal = "Fortsch. Phys.",
    volume = "45",
    pages = "159--236",
    year = "1997"
}

@article{Takeda:2021dsl,
    author = "Takeda, Daichi",
    title = "{Light-cone cuts and hole-ography: explicit reconstruction of bulk metrics}",
    eprint = "2112.11437",
    archivePrefix = "arXiv",
    primaryClass = "hep-th",
    reportNumber = "KUNS-2909",
    month = "12",
    year = "2021"
}